%string{PROCEEDINGS = "The "}
@string{PROCEEDINGS = "Proceedings of the "}
@string{ACSAC05 = PROCEEDINGS # "21st Annual Computer Security Applications Conference ({ACSAC})"}
@string{ACSAC06 = PROCEEDINGS # "22nd Annual Computer Security Applications Conference ({ACSAC})"}
@string{ACSAC16 = PROCEEDINGS # "32nd Annual Computer Security Applications Conference ({ACSAC})"}

@string{APSYS = "{ACM} {SIGOPS} Asia-Pacific Workshop on Systems ({APSys})"}
@string{APSYS2019 = PROCEEDINGS # "10th " # APSYS}

@string{ASIACCS = "{ACM} {ASIA} Conference on Computer and Communications Security ({ASIACCS})"}
@string{ASIACCS2022 = PROCEEDINGS # "17th " # ASIACCS}

@string{ASPLOS = "International Conference on Architectural Support for Programming Languages and Operating Systems ({ASPLOS})"}
@string{ASPLOSVI = PROCEEDINGS # "6th " # ASPLOS}
@string{ASPLOSIX = PROCEEDINGS # "9th " # ASPLOS}
@string{ASPLOS02 = PROCEEDINGS # "10th " # ASPLOS}
@string{ASPLOSX  = PROCEEDINGS # "10th " # ASPLOS}
@string{ASPLOS04 = PROCEEDINGS # "11th " # ASPLOS}
@string{ASPLOS06 = PROCEEDINGS # "12th " # ASPLOS}
@string{ASPLOS08 = PROCEEDINGS # "14th " # ASPLOS}
@string{ASPLOS09 = PROCEEDINGS # "15th " # ASPLOS}
@string{ASPLOS21 = PROCEEDINGS # "26th " # ASPLOS}

@string{SOSP = "{ACM} Symposium on Operating Systems Principles ({SOSP})"}
@string{SOSP81 = PROCEEDINGS # "8th " # SOSP}
@string{SOSP87 = PROCEEDINGS # "11th " # SOSP}
@string{SOSP92 = PROCEEDINGS # "13th " # SOSP}
@string{SOSP95 = PROCEEDINGS # "15th " # SOSP}
@string{SOSP97 = PROCEEDINGS # "16th " # SOSP}
@string{SOSP99 = PROCEEDINGS # "17th " # SOSP}
@string{SOSP01 = PROCEEDINGS # "18th " # SOSP}
@string{SOSP03 = PROCEEDINGS # "19th " # SOSP}
@string{SOSP05 = PROCEEDINGS # "20th " # SOSP}
@string{SOSP07 = PROCEEDINGS # "21st " # SOSP}
@string{SOSP17 = PROCEEDINGS # "26th " # SOSP}


@string{OSDI = "Symposium on Operating Systems Design and Implementation ({OSDI})"}
@string{OSDI96 = PROCEEDINGS # "2th " # OSDI}
@string{OSDI00 = PROCEEDINGS # "4th " # OSDI}
@string{OSDI02 = PROCEEDINGS # "5th " # OSDI}
@string{OSDI04 = PROCEEDINGS # "6th " # OSDI}
@string{OSDI06 = PROCEEDINGS # "7th " # OSDI}
@string{OSDI08 = PROCEEDINGS # "9th " # OSDI}

@string{USENIX = "Annual {USENIX} Technical Conference"}

@string{USENIX96 = PROCEEDINGS # "1996 " # USENIX}
@string{USENIX01 = PROCEEDINGS # "2001 " # USENIX}
@string{USENIX03 = PROCEEDINGS # "2003 " # USENIX}
@string{USENIX04 = PROCEEDINGS # "2004 " # USENIX}
@string{USENIX06 = PROCEEDINGS # "2006 " # USENIX}

@string{LISA = "Large Installation Systems Administration Conference ({LISA})"}
@string{LISA03 = PROCEEDINGS # "2003 " # LISA}

@string{FAST = "{USENIX} Conference on File and Storage Technologies ({FAST})"}
@string{FAST04 = PROCEEDINGS # "3rd " # FAST}
@string{FAST09 = PROCEEDINGS # "7th " # FAST}

@string{HOTSEC = "{USENIX} Workshop on Hot Topics in Security ({HOTSEC})"}
@string{HOTSEC06 = PROCEEDINGS # "1st " # HOTSEC}
@string{HOTSEC07 = PROCEEDINGS # "2nd " # HOTSEC}
@string{HOTSEC08 = PROCEEDINGS # "3rd " # HOTSEC}

@string{HOTOS = "{USENIX} Workshop on Hot Topics in Operating Systems ({HotOS})"}
@string{HOTOS97 = PROCEEDINGS # "6th " # HOTOS}
@string{HOTOS03 = PROCEEDINGS # "9th " # HOTOS}
@string{HOTOS07 = PROCEEDINGS # "11th " # HOTOS}
@string{HOTOS09 = PROCEEDINGS # "12th " # HOTOS}
@string{HOTOS17 = PROCEEDINGS # "16th " # HOTOS}


@string{OAKLAND = "{IEEE} Symposium on Security and Privacy"}
@string{OAKLAND90 = PROCEEDINGS # "19th " # OAKLAND}
@string{OAKLAND91 = PROCEEDINGS # "20th " # OAKLAND}
@string{OAKLAND96 = PROCEEDINGS # "21st " # OAKLAND}
@string{OAKLAND97 = PROCEEDINGS # "22nd " # OAKLAND}
@string{OAKLAND02 = PROCEEDINGS # "23rd " # OAKLAND}
@string{OAKLAND03 = PROCEEDINGS # "24th " # OAKLAND}
@string{OAKLAND04 = PROCEEDINGS # "25th " # OAKLAND}
@string{OAKLAND05 = PROCEEDINGS # "26th " # OAKLAND}
@string{OAKLAND06 = PROCEEDINGS # "27th " # OAKLAND}
@string{OAKLAND15 = PROCEEDINGS # "36th " # OAKLAND}
@string{OAKLAND16 = PROCEEDINGS # "37th " # OAKLAND}
@string{OAKLAND19 = PROCEEDINGS # "40th " # OAKLAND}
@string{OAKLAND20 = PROCEEDINGS # "41st " # OAKLAND}
@string{OAKLAND21 = PROCEEDINGS # "42nd " # OAKLAND}

@string{NEURIPS = "Conference on Neural Information Processing Systems (NeurIPS)"}
@string{NEURIPS22 = PROCEEDINGS # "36th " # NEURIPS}

@string{PLDI = "{ACM} {SIGPLAN} Conference on Programming Language Design and Implementation ({PLDI})"}
@string{PLDI96 = PROCEEDINGS # "1996 " # PLDI}
@string{PLDI02 = PROCEEDINGS # "2002 " # PLDI}
@string{PLDI03 = PROCEEDINGS # "2003 " # PLDI}
@string{PLDI05 = PROCEEDINGS # "2005 " # PLDI}
@string{PLDI06 = PROCEEDINGS # "2006 " # PLDI}
@string{PLDI08 = PROCEEDINGS # "2008 " # PLDI}
@string{PLDI09 = PROCEEDINGS # "2009 " # PLDI}

@string{NDSS = "Symposium on Network and Distributed System Security ({NDSS})"}
@string{NDSS16 = PROCEEDINGS # "2016 " # NDSS}
@string{NDSS21 = PROCEEDINGS # "2021 " # NDSS}

@string{NSDI = "Symposium on Networked Systems Design and Implementation ({NSDI})"}
@string{NSDI04 = PROCEEDINGS # "1st " # NSDI}
@string{NSDI07 = PROCEEDINGS # "4th " # NSDI}

@string{USENIXSEC96 = PROCEEDINGS # "6th {USENIX} Security Symposium"}
@string{USENIXSEC98 = PROCEEDINGS # "7th {USENIX} Security Symposium"}
@string{USENIXSEC00 = PROCEEDINGS # "9th {USENIX} Security Symposium"}
@string{USENIXSEC02 = PROCEEDINGS # "11th {USENIX} Security Symposium"}
@string{USENIXSEC03 = PROCEEDINGS # "12th {USENIX} Security Symposium"}
@string{USENIXSEC04 = PROCEEDINGS # "13th {USENIX} Security Symposium"}
@string{USENIXSEC05 = PROCEEDINGS # "14th {USENIX} Security Symposium"}
@string{USENIXSEC06 = PROCEEDINGS # "15th {USENIX} Security Symposium"}
@string{USENIXSEC08 = PROCEEDINGS # "17th {USENIX} Security Symposium"}
@string{USENIXSEC10 = PROCEEDINGS # "19th {USENIX} Security Symposium"}
@string{USENIXSEC18 = PROCEEDINGS # "27th {USENIX} Security Symposium"}
@string{USENIXSEC21 = PROCEEDINGS # "30th {USENIX} Security Symposium"}
@string{USENIXSEC23 = PROCEEDINGS # "32nd {USENIX} Security Symposium"}

@string{CCS = {{ACM} Conference on Computer and Communications Security ({CCS})}}
@string{CCS00 = PROCEEDINGS # "7th {ACM} Conference on Computer and Communications Security ({CCS})"}
@string{CCS04 = PROCEEDINGS # "11th {ACM} Conference on Computer and Communications Security ({CCS})"}
@string{CCS06 = PROCEEDINGS # "13th {ACM} Conference on Computer and Communications Security ({CCS})"}
@string{CCS07 = PROCEEDINGS # "14th {ACM} Conference on Computer and Communications Security ({CCS})"}
@string{CCS11 = PROCEEDINGS # "18th " # CCS}
@string{CCS12 = PROCEEDINGS # "19th " # CCS}

@string{CSFW = "{IEEE} Computer Security Foundations Workshop ({CSFW})"}
@string{CSFW06 = PROCEEDINGS # "19th " # CSFW}


@string{CRYPTO99 = {Proceedings of {CRYPTO}'99: 19th Annual International Cryptology Conference}}

@string{MICRO = "Annual {ACM}/{IEEE} International Symposium on Microarchitecture ({MICRO})"}
@string{MICRO99 = PROCEEDINGS # "32nd " # MICRO}
@string{MICRO06 = PROCEEDINGS # "39th " # MICRO}

@string{ISCA = "International Symposium on Computer Architecture ({ISCA})"}
@string{ISCA93 = PROCEEDINGS # "20th " # ISCA},
@string{ISCA95 = PROCEEDINGS # "22th " # ISCA},
@string{ISCA98 = PROCEEDINGS # "25th International Symposium on Computer Architecture ({ISCA})"}
@string{ISCA00 = PROCEEDINGS # "27th International Symposium on Computer Architecture ({ISCA})"}
@string{ISCA01 = PROCEEDINGS # "28th International Symposium on Computer Architecture ({ISCA})"}
@string{ISCA03 = PROCEEDINGS # "30th International Symposium on Computer Architecture ({ISCA})"}
@string{ISCA05 = PROCEEDINGS # "32nd International Symposium on Computer Architecture ({ISCA})"}
@string{ISCA07 = PROCEEDINGS # "34th International Symposium on Computer Architecture ({ISCA})"}
@string{ISCA08 = PROCEEDINGS # "35th International Symposium on Computer Architecture ({ISCA})"}
@string{ISCA09 = PROCEEDINGS # "36th " # ISCA}

@string{HPCA03 = PROCEEDINGS # "9th International Symposium on High Performance Computer Architecture ({HPCA} 2003)"}
@string{HPCA08 = PROCEEDINGS # "14th International Symposium on High Performance Computer Architecture ({HPCA} 2008)"}

@string{SACMAT = "ACM Symposium on Access Control Models and Technologies"}
@string{SACMAT05 = PROCEEDINGS # "10th " # SACMAT # " ({SACMAT})"}
@string{SACMAT06 = PROCEEDINGS # "11th " # SACMAT # " ({SACMAT})"}

@string{ASID06 = PROCEEDINGS # "Workshop on Architectural and System Support for Improving Software Dependability ({ASID})"}

@string{NSPW = "Workshop on New Security Paradigms"}
@string{NSPW04 = PROCEEDINGS # "2004 " # NSPW # " ({NSPW})"}

@string{VEE = "International Conference on Virtual Execution Environments ({VEE})"}
@string{VEE2006 =  PROCEEDINGS # "2nd " # VEE}
@string{VEE2008 =  PROCEEDINGS # "4th " # VEE}
@string{VEE2011 =  PROCEEDINGS # "7th " # VEE}

@string{POPL = "{ACM} {SIGPLAN-SIGACT} Symposium on Principles of Programming Languages ({POPL})"}
@string{POPL75 = PROCEEDINGS # "2nd " # POPL}
@string{POPL04 = PROCEEDINGS # "31st " # POPL}
@string{POPL06 = PROCEEDINGS # "33rd " # POPL}
@string{POPL09 = PROCEEDINGS # "36th " # POPL}

@string{PPOPP =  "{ACM} {SIGPLAN} Symposium on Principles and Practice of Parallel Programming ({PPOPP})"}
@string{PPOPP03 = PROCEEDINGS # "9th " # PPOPP}
@string{PPOPP05 = PROCEEDINGS # "10th " # PPOPP}
@string{PPOPP06 = PROCEEDINGS # "11th " # PPOPP}

@string{PACT = "International Conference on Parallel Architecture and Compilation Techniques ({PACT})"}
@string{PACT07 = PROCEEDINGS # "16th " # PACT}

@string{ATEC = "Annual Conference on USENIX Annual Technical Conference ({ATC})"}
@string{ATEC04 = PROCEEDINGS # "2004 " # ATEC}
@string{ATEC22 = PROCEEDINGS # "2022 " # ATEC}

@string{ASE = "{IEEE/ACM} International Conference on Automated Software Engineering ({ASE})"}
@string{ASE00 = PROCEEDINGS # "15th " # ASE}
@string{ASE07 = PROCEEDINGS # "22nd " # ASE}
@string{ASE08 = PROCEEDINGS # "23rd " # ASE}
@string{ASE08TOOLS = "The Tools Track of the 23rd " # ASE}
@string{ASE23 = PROCEEDINGS # "38th " # ASE}


@string{STC = "Workshop on Scalable Trusted Computing ({STC})"}
@string{STC2010 = PROCEEDINGS # "5th " # STC}
@string{STC2012 = PROCEEDINGS # "7th " # STC}

@string{DSN = "{IEEE/IFIP} International Conference on Dependable Systems and Networks ({DSN})"}
@string{DSN2014 = PROCEEDINGS # "44th " # DSN}
@string{DSN2023 = PROCEEDINGS # "53rd " # DSN}

@string{RAID = "International Symposium on Recent Advances in Intrusion Detection ({RAID})"}
@string{RAID23 = PROCEEDINGS # "26th " # RAID}

%%% Journals %%%
@string{SIGPLAN_NOT = "{SIGPLAN} Not."}
@string{SIGARCH_COMP_ARCH_NEWS = "{SIGARCH} Comput. Archit. News"}
@string{COMM_ACM = "Commun. {ACM}"}
@string{ACM_TRANS_COMP_SYS = "{ACM} Trans. Comput. Syst."}

@string{EUROSYS = "{ACM} European Conference on Computer Systems ({EuroSys})"}
@string{EUROSYS06 = PROCEEDINGS # "2006 " # EUROSYS}
@string{EUROSYS08 = PROCEEDINGS # "2008 " # EUROSYS}
@string{EUROSYS10 = PROCEEDINGS # "2010 " # EUROSYS}


@inproceedings{lie:asplos_xom,
author = {David Lie and Chandramohan A. Thekkath and Mark Mitchell and Patrick Lincoln and Dan Boneh and John Mitchell and Mark A. Horowitz},
title = {Architectural Support for Copy and Tamper Resistant Software},
booktitle = ASPLOSIX,
pages = {168--177},
month = nov,
year = 2000,
gsid = {7948807076237341419},
url = {https://security.csl.toronto.edu/wp-content/uploads/2018/06/lie-asplos2000.pdf},
note = {(Acceptance: 24/114, 21\%)},
doi = "10.1145/356989.357005"
}

